@Manual{lshort,
   title =   {The {N}ot {S}o {S}hort {I}ntroduction to \LaTeXe},
   author =   {Tobias Oetiker \emph{et.al.}},
   edition =   {4.13},
   month =   {September},
   year =   {2003},
   note = {\url{http://www.ctan.org/tex-archive/info/lshort/english/lshort.pdf}}
}

@Misc{loremipsum,
 title = {Lorem {I}psum},
 howpublished = {Internet},
 year = {2005},
 note = {\url{http://www.lipsum.com/}}
}

@TechReport{rapportskrivning,
 author = {Mattias Ericsson, Christine Räisänen},
 title = {Rapportskrivning i Fysik, en kort sammanfattning},
 institution = {Fysik och Teknisk fysik},
 year = {2000},
 note = {\url{http://www.fy.chalmers.se/edu/lab/pdf/rapportskrivning.pdf}}
}